
@book{vsm,
  author    = {SWISSMEM/SNV},
  title     = {Extrait de Normes},
  year      = {2014},
}

@software{Granta,
  title       = {Granta EduPack},
  version     = {2023 R2},
}


@techreport{projmulti2024,
  author = {Arnaud Arpino and Eliott Munck and Paul Gavin and Evan Rivera},
  institution = {HEIG-VD},
  title = {Cahier des charges},
  year = {2024}
}

@online{swisscatweb,
  author = "Prof. Dr. Christophe Copéret \& Prof. Dr. Nicolai Cramer (EPFL)",
  title = "SwissCAT+",
  year = {2022},
  url = "https://swisscatplus.ch/",
}

@misc{ref_vial,
  author = "{LabSphere}",
  title = "{SKU: 11 09 0519}",
  howpublished = "\url{https://distributionls.com/products/la-pha-pack-11-09-0519}",
  note = "Consulté le 28 février 2025"
}
